<record><leader>00000cas a2200000 i 4500</leader><controlfield tag="001">857146133</controlfield><controlfield tag="006">m     o  d        </controlfield><controlfield tag="007">cr |||||||||||</controlfield><controlfield tag="008">130828d19101911orucr neo     0   a0eng  </controlfield><datafield ind1=" " ind2=" " tag="010"><subfield code="a">  2013218950</subfield></datafield><datafield ind1=" " ind2=" " tag="040"><subfield code="a">DLC</subfield><subfield code="b">eng</subfield><subfield code="e">rda</subfield><subfield code="c">DLC</subfield><subfield code="d">DLC</subfield><subfield code="d">OCLCF</subfield></datafield><datafield ind1="0" ind2=" " tag="022"><subfield code="a">2330-7552</subfield><subfield code="2">1</subfield></datafield><datafield ind1="1" ind2=" " tag="029"><subfield code="a">NZ1</subfield><subfield code="b">15124406</subfield></datafield><datafield ind1=" " ind2=" " tag="042"><subfield code="a">pcc</subfield><subfield code="a">nsdp</subfield></datafield><datafield ind1=" " ind2=" " tag="043"><subfield code="a">n-us-or</subfield></datafield><datafield ind1="1" ind2="0" tag="050"><subfield code="a">ISSN RECORD</subfield></datafield><datafield ind1="0" ind2="0" tag="082"><subfield code="a">071</subfield><subfield code="2">23</subfield></datafield><datafield ind1="0" ind2=" " tag="130"><subfield code="a">Enterprise news-record (Online)</subfield></datafield><datafield ind1=" " ind2="0" tag="222"><subfield code="a">Enterprise news-record</subfield><subfield code="b">(Online)</subfield></datafield><datafield ind1="1" ind2="0" tag="245"><subfield code="a">Enterprise news-record.</subfield></datafield><datafield ind1="1" ind2=" " tag="246"><subfield code="i">Wednesday issues for Jan. 4-18, 1911 called:</subfield><subfield code="a">News=record</subfield></datafield><datafield ind1=" " ind2="1" tag="264"><subfield code="a">Enterprise, Wallowa County, Ore. :</subfield><subfield code="b">The Enterprise Press,</subfield><subfield code="c">1910-1911.</subfield></datafield><datafield ind1=" " ind2=" " tag="310"><subfield code="a">Semiweekly</subfield></datafield><datafield ind1=" " ind2=" " tag="336"><subfield code="a">text</subfield><subfield code="b">txt</subfield><subfield code="2">rdacontent</subfield></datafield><datafield ind1=" " ind2=" " tag="337"><subfield code="a">computer</subfield><subfield code="b">c</subfield><subfield code="2">rdamedia</subfield></datafield><datafield ind1=" " ind2=" " tag="338"><subfield code="a">online resource</subfield><subfield code="b">cr</subfield><subfield code="2">rdacarrier</subfield></datafield><datafield ind1="1" ind2=" " tag="362"><subfield code="a">Began with twelfth year, no. 70 (December 31, 1910); ceased with thirteenth year, no. 10 (June 7, 1911).</subfield></datafield><datafield ind1=" " ind2=" " tag="530"><subfield code="a">Also issued on microfilm from University of Oregon.</subfield></datafield><datafield ind1=" " ind2=" " tag="580"><subfield code="a">Merged with: Wallowa County chieftain (Enterprise, Or.), to form: Enterprise record chieftain.</subfield></datafield><datafield ind1=" " ind2=" " tag="588"><subfield code="a">Description based on: Twelfth year, no. 70 (December 31, 1910); title from masthead (Chroniclingamerica.loc.gov, viewed August 28, 2013).</subfield></datafield><datafield ind1=" " ind2=" " tag="588"><subfield code="a">Latest issue consulted: Thirteenth year, no. 10 (June 7, 1911) (Chroniclingamerica.loc.gov, viewed August 28, 2013).</subfield></datafield><datafield ind1=" " ind2="0" tag="651"><subfield code="a">Enterprise (Or.)</subfield><subfield code="v">Newspapers.</subfield></datafield><datafield ind1=" " ind2="0" tag="651"><subfield code="a">Wallowa County (Or.)</subfield><subfield code="v">Newspapers.</subfield></datafield><datafield ind1=" " ind2="7" tag="655"><subfield code="a">Newspapers.</subfield><subfield code="2">fast</subfield><subfield code="0">(OCoLC)fst01423814</subfield></datafield><datafield ind1=" " ind2="7" tag="651"><subfield code="a">Oregon</subfield><subfield code="z">Enterprise.</subfield><subfield code="2">fast</subfield><subfield code="0">(OCoLC)fst01252161</subfield></datafield><datafield ind1=" " ind2="7" tag="651"><subfield code="a">Oregon</subfield><subfield code="z">Wallowa County.</subfield><subfield code="2">fast</subfield><subfield code="0">(OCoLC)fst01227872</subfield></datafield><datafield ind1=" " ind2=" " tag="752"><subfield code="a">United States</subfield><subfield code="b">Oregon</subfield><subfield code="c">Wallowa</subfield><subfield code="d">Enterprise.</subfield></datafield><datafield ind1="0" ind2="8" tag="776"><subfield code="i">Originally issued in print:</subfield><subfield code="t">Enterprise news-record</subfield><subfield code="x">2330-7544</subfield><subfield code="w">(DLC)sn 96088044</subfield><subfield code="w">(OCoLC)37593491</subfield></datafield><datafield ind1="0" ind2="0" tag="780"><subfield code="t">News record (Enterprise, Or. : Online)</subfield><subfield code="x">2330-751X</subfield><subfield code="w">(DLC)  2013218949</subfield><subfield code="w">(OCoLC)857153163</subfield></datafield><datafield ind1="1" ind2="7" tag="785"><subfield code="t">Wallowa County chieftain (Enterprise, Or. : Online)</subfield><subfield code="x">2330-7471</subfield><subfield code="w">(DLC)  2013218948</subfield><subfield code="w">(OCoLC)857144320</subfield></datafield><datafield ind1="1" ind2="7" tag="785"><subfield code="t">Enterprise record chieftain (Online)</subfield></datafield><datafield ind1="4" ind2="0" tag="856"><subfield code="u">http://chroniclingamerica.loc.gov/lccn/sn96088044/issues</subfield></datafield></record>